@book{bondarko2015,
    author={A.V. Bondarko},
    year={2005},
    title={Теория морфологических категории и аспектологические исследования},
    publisher={Jazyki slavjanskoj kultury},
    address={Moskova}
}

@book{nikunlassi2002,
    author={Ahti Nikunlassi},
    year={2002},
    title={Johdatus venäjän kieleen ja sen tutkimukseen},
    publisher={Finn Lectura},
    address={Helsinki},
    isbn={951-792-115-2 (nid.)}
}

@book{rassudova1984,
    author={O.P. Rassudova},
    year={1984},
    title={Aspectual usage in modern Russian},
    publisher={Russky Yazyk},
    address={Moskova}
}

@book{maslov1959,
    author={Ju. S. Maslov},
    year={1959},
    title={Вопросы грамматики в болгарском литературном языке},
    address={Москва}
}

@book{solzh1,
    author={Александр Солженицын},
    year={1968},
    title={В круге первом},
}


@book{gross1,
    author={Василий Гроссман},
    title={Жизнь и судьба, часть 3 },
    year={1960},
    }


@book{ekim,
    author={Борис Екимов},
    title={Фетисыч},
    year={1996},
    }


@article{kompr1,
    author={Евгений АРСЮХИН},
    title={Почему вакцины от рака не будет никогда},
    journal={Комсомольская правда},
    year={2014},
    }


@article{izv1,
    author={Кирилл Бенедиктов.},
    title={Почему вакцины от рака не будет никогда},
    journal={Известия},
    year={2013},
    }

@misc{blog1,
    title={LiveJournal},
    year={2014}
}


@misc{ohtonen12,
    author = 	 {Outi Ohtonen},
    year = 	 {2012},
    title = 	 {Обобщенно-фактическое и единично-фактическое значение несовершенного вида с точки зрения обучения студентов-иностранцев видам глагола русского языка.},
    url = {http://hdl.handle.net/10138/34754}
}



@book{dav1,
    author={Юрий Давыдов},
    title={Синие тюльпаны},
    year={1989},
    }

@book{klein1999,
    author={Wolfgang Klein},
    year={1999},
    title={Time in language},
    publisher={Routledge},
    address={London},
    edition={Repr.},
    isbn={0-415-10412-2 (sid.)},
}


@article{janda2007aspectual,
    title={Aspectual clusters of Russian verbs},
    author={Janda, Laura},
    journal={Studies in language},
    volume={31},
    number={3},
    pages={607--648},
    year={2007},
    publisher={John Benjamins Publishing Company},
    url={ftp://176-114-245-19.rychlydrat.cz/kopie/sem-lehec/stazeno/_Janda_2007_StudiesInLan_Aspectual-clusters-of-Russian-verbs.pdf},
}


@article{sport1,
    author={Советский спорт},
    title={Советский спорт},
    year={2013},
    }


@article{beljak1,
    author={Алексей Беляков},
    title={«Пять негритят занялись культурой. Решили, что они вечные, в натуре» },
    journal={РБК Дейли},
    year={2013},
    }

@book{dombr,
    author={Ю. О. Домбровский},
    title={Факультет ненужных вещей, часть 4},
    year={1978},
    }


@book{zhemaitis,
    author={Сергей Жемайтис.},
    title={Большая лагуна},
    year={1970},
    }

@book{belyh,
    author={Г. Г. Белых},
    title={Лапти},
    year={1929},
    }


@article{izv2,
    author={Екатерина Григорьева, Елена Загородняя, Игорь Моисеев},
    title={Кремлевская мечта. Четыре президента сочинили новый экономический союз},
    journal={Известия},
    year={2003},
    }

@article{pavl,
    author={Елена Павлова},
    title={Вместе мы эту пропасть одолеем!},
    journal={«Даша»},
    year={2004},
    }

@book{prishv,
    author={М. М. Пришвин},
    title={Дневники},
    year={1926},
    }

@article{nikol,
    author={Олег Николаев},
    title={Новый год: праздник или ожидание праздника?},
    journal={«Отечественные записки»},
    year={2003},
    }



@article{otvets,
    author={Вячеслав Соболев},
    title={Есть ли шансы у XGI},
    journal={«Computerworld»},
    year={2014},
    }

@misc{ots2,
    author={Forumpost},
    journal={Форум: Наши дети},
    title={Forumpost},
    year={2004},
    }

@book{forsyth1970,
    title={A grammar of aspect: Usage and meaning in the Russian verb},
    author={Forsyth, James},
    volume={1970},
    year={1970},
    publisher={Cambridge University Press}
}


@article{liza1,
    author={«Лиза»},
    title={О жадных гусарах замолвите слово},
    journal={«Лиза»},
    year={2005},
    }


@book{azol1,
    author={Анатолий Азольский},
    title={Лопушок},
    year={1998},
    publisher={Новый Мир},
    }


@article{nizh1,
    author={Святослав Логинов},
    title={Марш-бросок по ягодным палестинам},
    journal={«Наука и жизнь»},
    year={2007},
    }


@book{nedv,
    author={Андрей Волос},
    title={Недвижимость},
    year={2001},
    publisher={Новый Мир},
    }

@article{itogi1,
    author={Александр Чудодеев},
    title={Топ-менеджмент},
    journal={«Итоги»},
    year={2003},
    }

@article{izv3,
    author={Сергей Лесков},
    title={Наш космонавт здоров, но в космос не выйдет},
    journal={«Известия»},
    year={2003},
    }

@article{ran,
    author={Ф. М. Митенков},
    title={Судовая ядерная энергетика},
    journal={«Вестник РАН»},
    year={2003},
    }
